@String { add:cambridge  = {Cambridge, USA} }
@String { add:newyork    = {New~York} }
@String { add:poa        = {Porto~Alegre} }
@String { add:reading    = {Reading, USA} }
@String { add:redwood    = {Redwood~City, USA} }
@String { add:sjc        = {S{\~a}o Jos{\'e} dos Campos} }
@String { add:uppersr    = {Upper Saddle River} }
@String { ev:cacic       = {Congreso Argentino de Ciencias de la~Computaci{\'o}n} }
@String { ev:sbac        = {Simp{\'o}sio Brasileiro de Arquitetura de Computadores---Processamento de Alto Desempenho} }
@String { ev:semish      = {Semin{\'a}rio Integrado de Software e~Hardware} }
@String { ins:ii         = {Instituto de Inform{\'a}tica} }
@String { org:IEEE       = {{INSTITUTE OF ELECTRICAL AND ELECTRONIC ENGINEERS}} }
@String { org:ieee       = {Institute of Electrical and Electronic Engineers} }
@String { org:ieee-abbrv = {IEEE} }
@String { org:sbc        = {Sociedade Brasileira de Computa{\c{c}}{\~a}o} }
@String { pub:acm        = {ACM~Press} }
@String { pub:aw         = {Addison-Wesley} }
@String { pub:bc         = {Benjamin/Cummings} }
@String { pub:cpgcc      = {CPGCC da UFRGS} }
@String { pub:jws        = {John Wiley \& Sons} }
@String { pub:but        = {Butterworth-Heinemann} }
@String { pub:mgh        = {McGraw-Hill} }
@String { pub:mit        = {MIT~Press} }
@String { pub:ppgc       = {PPGC da UFRGS} }
@String { pub:ptr        = {Prentice Hall} }
@String { pub:sbc        = {SBC} }
@String { pub:springer   = {Springer} }
@String { pub:pri   = {Princeton University Press} }
@String { sch:cpgcc      = {CPGCC/UFRGS} }
@String { sch:iiufrgs    = {Instituto de Inform{\'a}tica, Universidade Federal do Rio Grande do~Sul} }
@String { sch:ita        = {Instituto Tecnol{\'o}gico de Aeron{\'a}utica} }
@String { sch:ppgc       = {PPGC/UFRGS} }
@String { sch:ufrgs      = {Universidade Federal do Rio Grande do~Sul} }
@String { ser:lncs       = {Lecture Notes in Computer Science} }


@BOOK{computersflight2000,
	title = {Computers Take Flight: A History of NASA's Pioneering Digital Fly-by-wire Project},
	publisher = {CreateSpace Independent Publishing Platform},
	year = {2000},
	pages = {200},
	author = {Tomayko, J. E.},
}

@electronic{ironbird2015,
	author = {Airbus},
	year = {2015},
	title = {Supporting Development with the Iron Bird},
	url = "http://www.airbus.com/innovation/proven-concepts/in-design/iron-bird/",
	note = {Accessed on: 2015/02/12}
}

@MASTERSTHESIS{Ballesteros,
  author = {BALLESTEROS, Heric MARTINEZ SANTOS},
  title = {Dynamic Stiffness Enhancement of a Flight Control Actuator using control techniques},
  school = {ITA},
  type = {Master in Engineering},
  address = add:sjc,
  pages = {175},
  year = {2015},
  year-presented = {2015},
}

@MASTERSTHESIS{rogeriodias,
  author = {DIAS, Rog{\'e}rio PAULO FERRAZ},
  title = {Transformador Diferencial de Varia\c{c}\~{a}o Linear - Condicionamento de Sinal e Desmodula\c{c}\~{a}o S{\'i}ncrona},
  school = {Instituto Superior de Engenharia de Lisboa},
  type = {Master in Engineering},
  pages = {102},
  year = {2015},
}

@electronic{ltspice0,
	author = {{Linear Technology}},
	year = {2014},
	title = {LTspice: Simple Steps for Simulating Transformers},
	url = "http://www.linear.com/solutions/5092",
	note = {Accessed on: 2017/01/07}
}


@BOOK{astrom,
  title = {Computer-Controlled Systems: Theory and Design},
  publisher = {Dover Publications},
  year = {2011},
  author = {Astrom, Karl Johan and Wittenmark, Bjorn},
  pages = {576},
  edition = {3rd},
}

%%% ESSA CITACAO PROVAVELMENTE NAO ESTA NO FORMATO CERTO
@electronic{do160,
  author = {{RADIO TECHNICAL COMMISSION FOR AERONAUTICS}},
  title = {{DO-160G}},
  note = {Environmental Conditions and Test Procedures for Airborne Equipment},
  year = {2010},
}

@BOOK{nyce,
  title = {Linear Position Sensors: Theory and Application},
  publisher = {Wiley-Interscience},
  year = {2003},
  author = {Nyce, David S.},
  pages = {184},
  edition = {1st},
}

%% figuras dos lvdts
@electronic{lvdtfig1,
	author = {{TE Connectivity}},
	year = {2016},
	title = {What is an LVDT?},
	url = "http://www.te.com/usa-en/industries/sensor-solutions/insights/lvdt-tutorial.html",
	note = {Accessed on: 2016/11/11}
}

@electronic{lvdtfig2,
	author = {{EFUNDA INC}},
	year = {2016},
	title = {LVDT Theory},
	url = "http://www.efunda.com/designstandards/sensors/lvdt/lvdt\_theory.cfm",
	note = {Accessed on: 2016/11/11}
}

@electronic{lvdtrange1,
	author = {Hank Zumbahlen},
	year = {2016},
	title = {Linear Variable Differential Transformers},
	url = "http://www.analog.com/en/analog-dialogue/articles/linear-variable-differential-transformers.html",
	note = {Accessed on: 2016/11/15}
}

@electronic{lvdtrep1,
	author = {MacroSensors},
	year = {2016},
	title = {The difference between LVDT resolution and repeatability},
	url = "http://www.automation.com/automation-news/article/the-difference-between-lvdt-resolution-and-repeatability",
	note = {Accessed on: 2016/12/12}
}

@electronic{pires,
	author = {{Pi Research}},
	year = {1999},
	title = {Pi LVDT and LVDT amplifier},
	url = "http://www.cosworth.com/media/198950/29B-071185.pdf",
	note = {Accessed on: 2017/01/22}
}

% lvdts datasheets
@electronic{lvdtdatasheet1,
	author = {{TE Connectivity}},
	year = {2017},
	title = {LINEAR POSITION SENSORS - LVDT/LVIT - HEAVY DUTY GAGE HEAD},
	url = "http://www.te.com/usa-en/product-CAT-LVDT0041.html",
	note = {Accessed on: 2017/02/05}
}

@electronic{lvdtdatasheet2,
	author = {Althen},
	year = {2017},
	title = {M-12 Schaevitz Layer-Wound LVDT},
	url = "http://www.althensensors.com/displacement\_and\_position\_sensors/m12/",
	note = {Accessed on: 2016/12/10}
}

@electronic{lvdtdatasheet3,
	author = {{Active Sensors}},
	year = {2017},
	title = {LVDT position sensors},
	url = "http://www.activesensors.com/products/lvdt-position-sensors",
	note = {Accessed on: 2017/02/05}
} 

%% some stuff on lightning
@electronic{lightning0,
	author={{IN COMPLIANCE}},
	year={2010},
	title={Fundamentals of DO-160F, Section 22: Lightning Induced Transient Susceptibility},
	url = "http://incompliancemag.com/article/fundamentals-of-do-160f-section-22-lightning-induced-transient-susceptibility/",
	note = {Accessed on: 2017/01/09}
}

@electronic{lightning1,
	author = {{Modern Airliners}},
	year = {2015},
	title = {Boeing 787 Dreamliner Specs},
	url = "http://www.modernairliners.com/boeing-787-dreamliner/boeing-787-dreamliner-specs/",
	note = {Accessed on: 2017/01/09}
}

@electronic{eletrotuto,
	author = {{Electronics Tutorials}},
	year = {2016},
	title = {Passive Band Pass Filter},
	url = "http://www.electronics-tutorials.ws/filter/filter\_4.html",
	note = {Accessed on: 2017/01/09}
}

@electronic{eletrotutomutual,
	author = {{Electronics Tutorials}},
	year = {2016},
	title = {Mutual Inductance},
	url = "http://www.electronics-tutorials.ws/inductor/mutual-inductance.html",
	note = {Accessed on: 2016/09/19}
}

@electronic{fluke,
	author = {{Fluke Corporation}},
	year = {2013},
	title = {Dual impedance digital multimeters},
	url = "http://www.fluke.com/fluke/uses/comunidad/fluke-news-plus/articlecategories/electrical/dualimpedance",
	note = {Accessed on: 2017/03/18}
}

@electronic{fluke10M,
	author = {{Fluke Corporation}},
	year = {2005},
	title = {Dual impedance digital multimeters},
	url = "https://www.atecorp.com/ATECorp/media/pdfs/data-sheets/Fluke-87V\_Specs.pdf",
	note = {Accessed on: 2017/03/18}
}
	
%% scale and offset
@electronic{sloa097,
	author = {{Texas Instruments}},
	year = {2002},
	title = {Designing Gain and Offset in Thirty Seconds},
	url = "http://www.ti.com/lit/an/sloa097/sloa097.pdf",
	note = {Accessed on: 2016/10/06}
}

%% adc stuff
@PHDTHESIS{lundin,
  author = {Henrik Fahlberg Lundin},
  title = {Characterization and Correction of Analog-to-Digital Converters},
  school = {KTH School of Electrical Engineering},
  year = {2005},
  type = {Doctoral Thesis},
  address = {Stockholm, Sweden},
  pages = {202},
  year-presented = {2005},
}

@BOOK{daqhandbook,
  title = {Data Acquisition Handbook - A Reference for DAQ and Analog \& Digital Signal Conditioning},
  year = {2004},
  author = {{MEASUREMENTE COMPUTING}},
}

@ARTICLE{taheri,
  author = {Taheri, Sayed Mostafa and Mohammadi, Bahareh},
  title = {Behavioral Modeling of Typical Non-Ideal Analog to Digital Converter Using MATLAB},
  journal = {TMLAI - Transactions on Machine Learning and Artificial Intelligence},
  year = {2014},
}

@ARTICLE{michaeli,
  author = {Michaeli, Linus and Saliga, Jan},
  title = {Error Models of the Analog to Digital Converters},
  journal = {MEASUREMENT SCIENCE REVIEW},
  volume = {14},
  number = {2},
  year = {2014},
}

@ARTICLE{michaeli_unif,
  author = {Michaeli, Linus and Saliga, Jan and Michalko, Peter},
  title = {Unified ADC nonlinearity error model for SAR ADC},
  journal = {Journal of the International Measurement Confederation},
  year = {2006},
}

@electronic{deltasigma,
	author = {{Texas Instruments}},
	year = {2011},
	title = {How delta-sigma ADCs work, Part 1},
	url = "http://www.ti.com/lit/an/slyt423a/slyt423a.pdf",
	note = {Accessed on: 2017/02/11}
}


@electronic{undsaradc,
	author = {{Maxim Integrated}},
	year = {2001},
	title = {Understanding SAR ADCs: Their Architecture and Comparison with Other ADCs},
	url = "https://www.maximintegrated.com/en/app-notes/index.mvp/id/1080",
	note = {Accessed on: 2017/01/10}
}

@electronic{slaa013,
	author = {{Texas Instruments}},
	year = {1995},
	title = {Understanding Data Converters},
	url = "http://www.ti.com/lit/an/slaa013/slaa013.pdf",
	note = {Accessed on: 2017/01/22}
}

@electronic{maximadc,
	author = {{Maxim Integrated}},
	year = {2002},
	title = {The ABCs of ADCs: Understanding How ADC Errors Affect System Performance},
	url = "https://www.maximintegrated.com/en/app-notes/index.mvp/id/748",
	note = {Accessed on: 2017/01/22}
}

@electronic{nationaladc,
	author = {{National Semiconductors}},
	year = {2003},
	title = {ABCs of ADCs: Analog-to-Digital Converter Basics},
	url = "http://www.unirioja.es/cu/lzorzano/ABCs\_of\_ADCs.pdf",
	note = {Accessed on: 2017/01/22}
}

@electronic{vishay,
	author= {Vishay},
	year = {2017},
	title = {VDRS Series product information},
	url = "http://www.vishay.com/varistors/list/product-29081/",
	note = {Accessed on: 2017/01/30}
}

@electronic{mathworks,
	author= {MathWorks},
	year = {2016},
	title = {Typical Simscape Language Tasks},
	url = "https://www.mathworks.com/help/physmod/simscape/lang/typical-simscape-language-tasks.html",
	note = {Accessed on: 2017/01/30}
}

@electronic{mathworks2,
	author= {Seth Popinchalk},
	year = {2009},
	title = {Modeling Mechanical Systems: The Double Pendulum},
	url = "http://blogs.mathworks.com/simulink/2009/02/26/modeling-mechanical-systems-the-double-pendulum/",
	note = {Accessed on: 2017/01/30}
}	

@electronic{ads8638,
	author= {{Texas Instruments}},
	year = {2017},
	title = {12-bit, 8-Channel, Bipolar SAR with software selectable input ranges},
	url = "http://www.ti.com/product/ADS8638",
	note = {Accessed on: 2016/11/12}
}

@electronic{hmcad5831,
	author= {{Analog Devices}},
	year = {2017},
	title = {26 GS/s 3-Bit Analog-to-Digital Converter w/ Overrange, Inhibit, and 1:2 DEMUX},
	url = "http://www.analog.com/en/products/analog-to-digital-converters/ad-converters/hmcad5831.html",
	note = {Accessed on: 2017/02/04}
}

@electronic{ad9625,
	author= {{Analog Devices}},
	year = {2017},
	title = {12-Bit, 2.6 GSPS/2.5 GSPS/2.0 GSPS, 1.3 V/2.5 V Analog-to-Digital Converter},
	url = "http://www.analog.com/en/products/analog-to-digital-converters/high-speed-ad-10msps/ad9625.html",
	note = {Accessed on: 2017/02/04}
}

@electronic{AD598,
	author= {{Analog Devices}},
	year = {2016},
	title = {LVDT Signal Conditioner},
	url = "http://www.analog.com/media/en/technical-documentation/data-sheets/AD598.pdf",
	note = {Accessed on: 2017/02/06}
}

@electronic{mt088,
	author= {{Analog Devices}},
	year = {2008},
	title = {Analog Switches and Multiplexers Basics},
	url = "http://www.analog.com/media/en/training-seminars/tutorials/MT-088.pdf",
	note = {Accessed on: 2016/11/12}
}


@electronic{crane,
	author= {{CRANE AEROSPACE \& ELECTRONICS}},
	year = {2015},
	title = {Design Considerations for Flight Critical Power Systems},
	url = "http://www.psma.com/sites/default/files/uploads/tech-forums-energy-efficiency/presentations/is137-design-considerations-flight-critical-power-systems.pdf",
	note = {Accessed on: 2017/02/06}
}

@electronic{kester,
	author= {Walt Kester},
	year = {2005},
	title = {Which ADC Architecture Is Right for Your Application?},
	url = "http://www.analog.com/en/analog-dialogue/articles/the-right-adc-architecture.html",
	note = {Accessed on: 2017/02/06}
}


@electronic{cygnal,
	author= {{SILICON LABORATORIES}},
	year = {2003},
	title = {Improving ADC Resolution By Oversampling and Averaging},
	url = "https://www.silabs.com/Support\%20Documents/TechnicalDocs/an118.pdf",
	note = {Accessed on: 2016/09/15}
}

@MASTERSTHESIS{Constantino,
  author = {Constantino, C. A.},
  title = {Hydraulic Actuation System Modeling: An Analysis of High Frequency Modelling},
  school = {ITA},
  type = {Master in Engineering},
  address = add:sjc,
  pages = {121},
  year = {2010},
  year-presented = {2010},
}


@electronic{coilsmut,
	author= {B Knuteson and G Stephans and J Belcher and J Joannopolus and M Feld and P Dourmashkin},
	year = {2005},
	title = {Inductance and Magnetic Energy},
	url = "http://web.mit.edu/viz/EM/visualizations/coursenotes/modules/guide11.pdf",
	note = {Accessed on: 2017/03/18}
}






%%%%%%%%%%%%%%%% heric's


@BOOK{FluidPower2009,
  title = {Fluid Power Engineering},
  publisher = pub:mgh,
  year = {2009},
  author = {Rabie, M. G.},
  edition = {1st},
  xisbn = {978-0-07-162606-4},
}

@BOOK{Merritt,
  title = {Hydraulic Control Systems},
  publisher = pub:jws,
  year = {1967},
  author = {Merritt, H. E.},
}



@BOOK{Pratt,
  title = {Flight Control Systems: practical issues in design and implementation},
  publisher = pub:jws,
  year = {2000},
  author = {Pratt, R. W.},
  edition = {1st},
  address = {United Kingdom},
}

@BOOK{Wright,
  title = {Introduction to Aircraft Aeroelasticity and Loads},
  publisher = pub:jws,
  year = {2007},
  author = {Wright, J.R. and Cooper, J. E.}
}

@PHDTHESIS{Sbornian2004,
  author = {Sbornian, W.},
  title = {Um exemplo de tese de doutorado},
  school = {Instituto de Alguma Coisa, Universidade Sei L{\'a} de Onde},
  year = {2004},
  type = {Doutorado em Aeron{\'a}utica},
  address = {Santo Ant{\^o}nio da Patrulha},
  note = {1 CD--ROM},
  pages = {169},
  pagename = {f.},
  year-presented = {2004},
}

@ARTICLE{Kashi,
  author = {Kashi, K. and Soffker,D.},
  title = {Model Based Estimation of Force and Displacement of a Hydraulic Cylinder},
  year = {2004},
}

@ARTICLE{Skarpetis,
  author = {Skarpetis, M. G., Koumboulis,  F. N. and Tzamtzi, M. P.},
  title = {Robust Control Techniques for Hydraulic Actuators},
  journal = {15th Mediterranean Conference on Control and Automation},
  year = {2007},
}

@Article{Thompson,
  Title                    = {Feedback Design for Robust Tracking and Robust Stiffness in Flight Control Actuator using a modified QFT technique},
  Author                   = {Thompson, D. F. and Pruyn, J. S. and Shukla, A.},
  Journal                  = {Proceedings of the American Control Conference},
  Year                     = {1999},
}

@ARTICLE{Blaignan,
  author = {Blaignan, V. B. and  Skormin, V. A.},
  title = {Stiffness Enhancement of Flight Control Actuator},
  journal = {IEEE Transactions on Aerospace and Electronic Systems},
  year = {1993},
  volume = {29},
  number = {2},
  pages = {380--390},
}

@ARTICLE{Kurode,
  author = {Kurode, S., Dessai, P.G. and Shiralkar, A.},
  title = {Modelling of electro-hydraulic servovalve and robust position control using sliding mode technique},
  journal = {1st International Conference on Machine and Mechanisms},
  year = {2013},
  pages = {607--614},
}

@ARTICLE{Kashi,
  author = {Kashi, K. and  Soffker, D.},
  title = {Model-based Estimation of Force and Displacement of a Hydraulic Cylinder},
  journal = {ToDo},
  year = {1993},
  volume = {29},
  number = {2},
  pages = {380--390},
}

@ARTICLE{friction,
  author = {Yanada, H. and  Khaing, W.H. and Tran, X.B.},
  title = {Effect of friction on simulation of a hydraulic actuator},
  journal = {3rd International Conference on Design Engineering and Science},
  year = {2014},
  pages = {175--180},
}

@ARTICLE{Blaignan2,
  author = {Vincent B. Blaignan and Victor A. Skormin},
  title = {Stiffness Enhancement of Flight Control Actuator},
  journal = {IEEE Transactions on Aerospace and Electronic Systems},
  year = {1993},
  volume = {29},
  number = {2},
  pages = {380--390},
  month = april,
  xpublisher = {Wiley \& Sons},
  xaddress = {Duisburg Germany},
  editor = {Geoffrey C. Fox},
  url = {http://www-sop.inria.fr/\~{}sloop/javall/index.html},
  urlaccessdate = {20 fev. 2000},
}

@TECHREPORT{Thayer,
  author = {THAYER,W. J.},
  title = {Transfer Functions for Moog Servovalves},
  year = {1965},
  number = {RR~95-02},
  address = {East Aurora},
  note = {(RR~95-02)},
  institution = {Moog Inc.},
}

@comment{jabref-meta: groups:}

@comment{jabref-meta: selector\_journal:}

@comment{jabref-meta: selector\_keywords:}

@comment{jabref-meta: selector\_publisher:}

