% This file was created with JabRef 2.10.
% Encoding: Cp1252


@String { add:cambridge  = {Cambridge, USA} }
@String { add:newyork    = {New~York} }
@String { add:poa        = {Porto~Alegre} }
@String { add:reading    = {Reading, USA} }
@String { add:redwood    = {Redwood~City, USA} }
@String { add:sjc        = {S{\~a}o Jos{\'e} dos Campos} }
@String { add:link       = {Link{\"o}ping} }
@String { add:uppersr    = {Upper Saddle River} }
@String { ev:cacic       = {Congreso Argentino de Ciencias de la~Computaci{\'o}n} }
@String { ev:sbac        = {Simp{\'o}sio Brasileiro de Arquitetura de Computadores---Processamento de Alto Desempenho} }
@String { ev:semish      = {Semin{\'a}rio Integrado de Software e~Hardware} }
@String { ins:ii         = {Instituto de Inform{\'a}tica} }
@String { org:IEEE       = {{INSTITUTE OF ELECTRICAL AND ELECTRONIC ENGINEERS}} }
@String { org:ieee       = {Institute of Electrical and Electronic Engineers} }
@String { org:ieee-abbrv = {IEEE} }
@String { org:sbc        = {Sociedade Brasileira de Computa{\c{c}}{\~a}o} }
@String { pub:acm        = {ACM~Press} }
@String { pub:aw         = {Addison-Wesley} }
@String { pub:bc         = {Benjamin/Cummings} }
@String { pub:cpgcc      = {CPGCC da UFRGS} }
@String { pub:jws        = {John Wiley \& Sons} }
@String { pub:but        = {Butterworth-Heinemann} }
@String { pub:mgh        = {McGraw-Hill} }
@String { pub:mit        = {MIT~Press} }
@String { pub:pear       = {Pearson} }
@String { pub:ppgc       = {PPGC da UFRGS} }
@String { pub:ptr        = {Prentice Hall} }
@String { pub:sbc        = {SBC} }
@String { pub:cup        = {Cambridge University Press} }
@String { pub:springer   = {Springer} }
@String { pub:pri   	 = {Princeton University Press} }
@String { sch:cpgcc      = {CPGCC/UFRGS} }
@String { sch:iiufrgs    = {Instituto de Inform{\'a}tica, Universidade Federal do Rio Grande do~Sul} }
@String { sch:ita        = {Instituto Tecnol{\'o}gico de Aeron{\'a}utica} }
@String { sch:ppgc       = {PPGC/UFRGS} }
@String { sch:ufrgs      = {Universidade Federal do Rio Grande do~Sul} }
@String { ser:lncs       = {Lecture Notes in Computer Science} }


@Thesis{Constantino,
	Title                    = {Hydraulic Actuation System Modeling: An Analysis of High Frequency Modelling},
	Author                   = {Constantino, C. A.},
	School                   = {ITA},
	Year                     = {2010},	
	Address                  = add:sjc,
	Type                     = {Thesis (M.Sc. in Engineering)},
	Pages                    = {121},
	Year-presented           = {2010}
}

@Thesis{Ballesteros,
	Title                    = {Dynamic Stiffness Enhancement of a Flight Control Actuator using control techniques},
	Author                   = {Ballesteros, H. M. S.},
	School                   = {ITA},
	Year                     = {2015},	
	Address                  = add:sjc,
	Type                     = {Thesis (M.Sc. in Engineering)},
	Pages                    = {164},
	Year-presented           = {2015}
}

@Book{Messac,
	Title                    = {Optimization in Practice with MATLAB\textsuperscript{\textregistered}},
	Author                   = {Messac, A.},
	Publisher                = pub:cup,
	Year                     = {2015},
	Edition                  = {1st}
}

@PhdThesis{Andersson,
	Title                    = {Multiobjective Optimization in Engineering Design},
	Author                   = {Andersson, J.},
	School                   = {Link{\"o}pings Universitet},
	Year                     = {2001},
	Address                  = add:link,
	Type                     = {Ph.D. in Engineering}
	Pages                    = {151},
	Year-presented           = {2001}
}

@Book{Rao,
	Title                    = {Engineering Optimization: Theory and Practice},
	Author                   = {Rao, S. S.},
	Publisher                = pub:jws,
	Year                     = {2009},
	Address                  = {United States},
	Edition                  = {4th}
}

@Manual{OptToolbox,
	Title                    = {MATLAB and Optimization Toolbox Release 2017b},
	Url                      = {http://www.mathworks.com/help/optim - visited in Apr/2017},
	Author                   = {MathWorks},
	Address                  = {Massachusetts, United States},
	Year                     = {2015}
}

@Book{Dorf,
	Title                    = {Modern Control Systems},
	Author                   = {Dorf, R. C. and Bishop, R. H.},
	Publisher                = pub:ptr,
	Year                     = {2008},
	Address                  = {Singapore},
	Edition                  = {11th}
}

@Book{Ljung,
	Title                    = {System Identification: Theory for the User},
	Author                   = {Ljung, L.},
	Publisher                = pub:ptr,
	Year                     = {1987},
	Address                  = {United States},
	Edition                  = {1st}
}

@Book{Merritt,
	Title                    = {Hydraulic Control Systems},
	Author                   = {Merritt, H. E.},
	Publisher                = pub:jws,
	Year                     = {1967}
}

@Manual{IdtToolbox,
	Title                    = {MATLAB and System Identification Toolbox Release 2017b},
	Url                      = {http://www.mathworks.com/help/ident - visited in Aug/2017},
	Author                   = {MathWorks},
	Address                  = {Massachusetts, United States},
	Year                     = {2015}
}

@Article{Almeida,
	Title                    = {Algorithmic Design for a Robust Control Benchmark Problem},
	Author                   = {Aldo X. C. de Almeida and Alberto A. Filho},
	Journal                  = {21st Brazilian Congress of Mechanical Engineering},
	Year                     = {2011},
	Pages                    = {}
}

@Article{Oliveira,
	Title                    = {Gain Optimization for a Longitudinal Control of an Aircraft},
	Author                   = {Rodrigo T. P. de Oliveira and Alberto A. Filho},
	Journal                  = {6th National Congress of Mechanical Engineering},
	Year                     = {2010},
	Pages                    = {}
}

@Article{Silva,
	Title                    = {An Optimization Approach to Design Feedback Controllers for Flight Control Systems},
	Author                   = {Alex S. F. da Silva, Henrique M. Paiva and Roberto K. H. Galv\~ao},
	Journal                  = {20th International Congress of Mechanical Engineering},
	Year                     = {2009},
	Pages                    = {}
}

@Article{Chakraborty,
	Title                = {Electric Control Surface Actuator Design Optimization and Allocation for the More Electric Aircraft},
	Author               = {Imon Chakraborty, David Trawick, David Jackson and Dimitri N. Mavri},
	Journal              = {Aviation Technology, Integration, and Operations Conference},
	Year                 = {2013},
	Pages                = {}
}

@Book{Etkin,
	Title                    = {Dynamics of Flight: Stability and Control},
	Author                   = {Etkin, Bernard and Reid, Lloyd Duff},
	Publisher                = pub:jws,
	Year                     = {1995},
	Address                  = {United States},
	Edition                  = {3rd}
}

@Book{Fletcher,
	Title                    = {Practical Methods of Optimization},
	Author                   = {Fletcher, Roger},
	Publisher                = pub:jws,
	Year                     = {2000},
	Address                  = {United Kingdom},
	Edition                  = {2nd}
}

@Book{Skogestad,
	Title                    = {Multivariable Feedback Control: Analysis and Design},
	Author                   = {Skogestad, Sigurd and Postlethwaite, Ian},
	Publisher                = pub:jws,
	Year                     = {2001},
	Address                  = {United Kingdom},
	Edition                  = {2nd}
}

@Book{Nelles,
	Title                    = {Nonlinear System Identification: From Classical Approaches to Neural Networks and Fuzzy Models},
	Author                   = {Oliver Nelles},
	Publisher                = pub:springer,
	Year                     = {2001},
	Address                  = {Germany},
	Edition                  = {1st}
}

@Article{Venter,
	Title                    = {Review of Optimization Techniques},
	Author                   = {Venter, Gerhard},
	Journal                  = {Encyclopedia of Aerospace Engineering},
	Year                     = {2010},
	Pages                    = {}
}

@Article{Liu,
	Title					 = {Research Progress of Engineering Structural Optimization in Aerospace Field},
	Author					 = {L. Liu and A. Ma and H. Liu and X. Feng and M. Shi and R. Dong and Y. Zhao},
	Journal					 = {2016 7th International Conference on Mechanical and Aerospace Engineering (ICMAE)},
	Year					 = {2016},
	Pages					 = {558-562}
}

@Manual{MIL9490,
	Title                    = {Flight Control Systems - Design, Installation and Test of Piloted Aircraft, General Specification for. Military specification MIL-F-9490E},
	Author                   = {USAF},
	Year                     = {2008}
}

@Book{Lewis,
	Title                    = {Aircraft Control and Simulation},
	Author                   = {Brian L. Stevens and Frank L. Lewis},
	Publisher                = pub:jws,
	Year                     = {1992},
	Address                  = {United States},
	Edition                  = {1st}
}

@TechReport{Thayer,
	Title                    = {Transfer Functions for Moog Servovalves},
	Author                   = {THAYER,W. J.},
	Institution              = {Moog Inc.},
	Year                     = {1965},
	
	Address                  = {East Aurora},
	Note                     = {(RR~95-02)},
	Number                   = {RR~95-02}
}

@Book{Wright,
	Title                    = {Introduction to Aircraft Aeroelasticity and Loads},
	Author                   = {Wright, J.R. and Cooper, J. E.},
	Publisher                = pub:jws,
	Year                     = {2007}
}

@Article{Doron,
	Title                    = {On the Definition of Total Harmonic Distortion and Its Effect on Measurement Interpretation},
	Author                   = {Shmilovitz, Doron},
	Journal                  = {IEEE Transactions on Power Delivery},
	Year                     = {2005},
	Pages                    = {}
}

@comment{jabref-meta: selector_publisher:}

@comment{jabref-meta: selector_journal:}

@comment{jabref-meta: selector_keywords:}

