% This file was created with JabRef 2.10.
% Encoding: Cp1252


@String { add:cambridge  = {Cambridge, USA} }
@String { add:newyork    = {New~York} }
@String { add:poa        = {Porto~Alegre} }
@String { add:reading    = {Reading, USA} }
@String { add:redwood    = {Redwood~City, USA} }
@String { add:sjc        = {S{\~a}o Jos{\'e} dos Campos} }
@String { add:uppersr    = {Upper Saddle River} }
@String { ev:cacic       = {Congreso Argentino de Ciencias de la~Computaci{\'o}n} }
@String { ev:sbac        = {Simp{\'o}sio Brasileiro de Arquitetura de Computadores---Processamento de Alto Desempenho} }
@String { ev:semish      = {Semin{\'a}rio Integrado de Software e~Hardware} }
@String { ins:ii         = {Instituto de Inform{\'a}tica} }
@String { org:IEEE       = {{INSTITUTE OF ELECTRICAL AND ELECTRONIC ENGINEERS}} }
@String { org:ieee       = {Institute of Electrical and Electronic Engineers} }
@String { org:ieee-abbrv = {IEEE} }
@String { org:sbc        = {Sociedade Brasileira de Computa{\c{c}}{\~a}o} }
@String { pub:acm        = {ACM~Press} }
@String { pub:aw         = {Addison-Wesley} }
@String { pub:bc         = {Benjamin/Cummings} }
@String { pub:cpgcc      = {CPGCC da UFRGS} }
@String { pub:jws        = {John Wiley \& Sons} }
@String { pub:but        = {Butterworth-Heinemann} }
@String { pub:mgh        = {McGraw-Hill} }
@String { pub:mit        = {MIT~Press} }
@String { pub:ppgc       = {PPGC da UFRGS} }
@String { pub:ptr        = {Prentice Hall} }
@String { pub:sbc        = {SBC} }
@String { pub:springer   = {Springer} }
@String { pub:pri   = {Princeton University Press} }
@String { sch:cpgcc      = {CPGCC/UFRGS} }
@String { sch:iiufrgs    = {Instituto de Inform{\'a}tica, Universidade Federal do Rio Grande do~Sul} }
@String { sch:ita        = {Instituto Tecnol{\'o}gico de Aeron{\'a}utica} }
@String { sch:ppgc       = {PPGC/UFRGS} }
@String { sch:ufrgs      = {Universidade Federal do Rio Grande do~Sul} }
@String { ser:lncs       = {Lecture Notes in Computer Science} }

@Article{Blaignan2,
  Title                    = {Stiffness Enhancement of Flight Control Actuator},
  Author                   = {Vincent B. Blaignan and Victor A. Skormin},
  Journal                  = {IEEE Transactions on Aerospace and Electronic Systems},
  Year                     = {1993},

  Month                    = april,
  Number                   = {2},
  Pages                    = {380--390},
  Volume                   = {29},

  Editor                   = {Geoffrey C. Fox},
  Url                      = {http://www-sop.inria.fr/\~{}sloop/javall/index.html},
  Urlaccessdate            = {20 fev. 2000},
  Xaddress                 = {Duisburg Germany},
  Xpublisher               = {Wiley \& Sons}
}

@Article{Blaignan,
  Title                    = {Stiffness Enhancement of Flight Control Actuator},
  Author                   = {Blaignan, V. B. and Skormin, V. A.},
  Journal                  = {IEEE Transactions on Aerospace and Electronic Systems},
  Year                     = {1993},
  Number                   = {2},
  Pages                    = {380--390},
  Volume                   = {29}
}

@Article{Corteline,
  Title                    = {On the Air in Servo Valve Hydraulic Control Systems},
  Author                   = {Corteline, C. H. and Goes, L. S.},
  Journal                  = {Brazilian Conference on Dynamics, Control and their Applications},
  Year                     = {2010},
  Number                   = {9}
}

@MastersThesis{Constantino,
  Title                    = {Hydraulic Actuation System Modeling: An Analysis of High Frequency Modelling},
  Author                   = {Constantino, C. A.},
  School                   = {ITA},
  Year                     = {2010},

  Address                  = add:sjc,
  Type                     = {Master in Engineering},

  Pages                    = {121},
  Year-presented           = {2010}
}

@Article{Kashi2004,
  Title                    = {Model Based Estimation of Force and Displacement of a Hydraulic Cylinder},
  Author                   = {Kashi, K. and Soffker,D.},
  Year                     = {2004}
}

@Article{Kashi,
  Title                    = {Model-based Estimation of Force and Displacement of a Hydraulic Cylinder},
  Author                   = {Kashi, K. and Soffker, D.},
  Journal                  = {7th International Symposium on Advanced Vehicle Control},
  Year                     = {2004},
%  Number                   = {2},
%  Pages                    = {380--390},
%  Volume                   = {29}
}

@Article{Kurode,
  Title                    = {Modelling of electro-hydraulic servovalve and robust position control using sliding mode technique},
  Author                   = {Kurode, S., Dessai, P.G. and Shiralkar, A.},
  Journal                  = {1st International Conference on Machine and Mechanisms},
  Year                     = {2013},
  Pages                    = {607--614}
}

@Book{Merritt,
  Title                    = {Hydraulic Control Systems},
  Author                   = {Merritt, H. E.},
  Publisher                = pub:jws,
  Year                     = {1967}
}

@Book{MurrayAstrom,
  Title                    = {Feedback Systems - An introduction for Scientists and Engineers},
  Author                   = {Astrom, K. J. and Murray, R. M.},
  Publisher                = pub:pri,
  Year                     = {2009}
}

@Book{Astromdig,
  Title                    = {Computer-Controlled Systems - Theory and Design},
  Author                   = {Astrom, K. J. and Wittenmark, B.},
  Publisher                = pub:ptr,
  Year                     = {1997}
}

@Book{Pratt,
  Title                    = {Flight Control Systems: practical issues in design and implementation},
  Author                   = {Pratt, R. W.},
  Publisher                = pub:jws,
  Year                     = {2000},

  Address                  = {United Kingdom},
  Edition                  = {1st}
}

@Book{Friedland,
  Title                    = {Control System Design: An Introduction to State-Space Methods},
  Author                   = {Friedland, B.},
  Publisher                = pub:mgh,
  Year                     = {1986},
  
  Address                  = {United States},
  Edition                  = {1st}
}

@Book{Hodges,
  Title                    = {Hydraulic Fluids},
  Author                   = {Hodges, P.},
  Publisher                = pub:but,
  Year                     = {1996},

  Address                  = {United Kingdom},
  Edition                  = {1st}
}

@Book{AIAAIntro,
  Title                    = {Introduction to Aircraft Flight Dynamics},
  Author                   = {Schmidt, L. V.},
  Editor                   = {AIAA Education Series},
  Publisher                = {AIAA},
  Year                     = {1998},
}

@Book{webdas,
  Title                    = {http://www.daerospace.com/},
  Author                   = {Daerospace},
  Publisher                = {visited in May/2015},
  Year	                   = {2015},
}

@Book{webwood,
  Title                    = {http://www.woodward.com/},
  Author                   = {Woodward},
  Publisher                = {visited in May/2015},
  Year	                   = {2015},
}


@Article{SAEAIR1362,
  Title                    = {Aerospace Hydraulic Fluids Physical Properties},
  Author                   = {AIR1362B},
  Journal                  = {Society of Automotive Engineers International},
  Year                     = {2008},
  Volume                   = {Rev B},
}

@Article{ARP490F,
  Title                    = {Electrohydraulic Servovalves},
  Author                   = {ARP490F},
  Journal                  = {Society of Automotive Engineers International},
  Year                     = {2008},
  Volume                   = {Rev F},
}

@Article{SAEAS4716B,
  Title                    = {Gland Design, O-Ring and Other Elastomeric Seals},
  Author                   = {AS4716B},
  Journal                  = {Society of Automotive Engineers International},
  Year                     = {2011},
  Volume                   = {Rev B},
}

@Article{MILflutter,
  Title                    = {Airplance Strength and rigidity vibration, flutter and divergence},
  Author                   = {MIL-A-8870C},
  Journal                  = {Society of Automotive Engineers International},
  Year                     = {1993},
}

@Book{FluidPower2009,
  Title                    = {Fluid Power Engineering},
  Author                   = {Rabie, M. G.},
  Publisher                = pub:mgh,
  Year                     = {2009},
  Edition                  = {1st},

  Xisbn                    = {978-0-07-162606-4}
}

@PhdThesis{Sbornian2004,
  Title                    = {Um exemplo de tese de doutorado},
  Author                   = {Sbornian, W.},
  School                   = {Instituto de Alguma Coisa, Universidade Sei L{\'a} de Onde},
  Year                     = {2004},

  Address                  = {Santo Ant{\^o}nio da Patrulha},
  Note                     = {1 CD--ROM},
  Type                     = {Doutorado em Aeron{\'a}utica},

  Pagename                 = {f.},
  Pages                    = {169},
  Year-presented           = {2004}
}

@Article{Skarpetis,
  Title                    = {Robust Control Techniques for Hydraulic Actuators},
  Author                   = {Skarpetis, M. G., Koumboulis, F. N. and Tzamtzi, M. P.},
  Journal                  = {15th Mediterranean Conference on Control and Automation},
  Year                     = {2007}
}

@TechReport{Thayer,
  Title                    = {Transfer Functions for Moog Servovalves},
  Author                   = {THAYER,W. J.},
  Institution              = {Moog Inc.},
  Year                     = {1965},

  Address                  = {East Aurora},
  Note                     = {(RR~95-02)},
  Number                   = {RR~95-02}
}

@Article{Thompson,
  Title                    = {Feedback Design for Robust Tracking and Robust Stiffness in Flight Control Actuator using a modified QFT technique},
  Author                   = {Thompson, D. F. and Pruyn, J. S. and Shukla, A.},
  Journal                  = {Proceedings of the American Control Conference},
  Year                     = {1999}
}

@Article{Conte,
  Title                    = {Linear dynamic modelling of a uni-axial servo-hydraulic shaking table system},
  Author                   = {Conte, J. P. and Trombetii, T. L.},
  Journal                  = {Earth Quake Engineering and Structural Dynamics},
  Year                     = {2000}
}

@Book{Wright,
  Title                    = {Introduction to Aircraft Aeroelasticity and Loads},
  Author                   = {Wright, J.R. and Cooper, J. E.},
  Publisher                = pub:jws,
  Year                     = {2007}
}

@Article{friction,
  Title                    = {Effect of friction on simulation of a hydraulic actuator},
  Author                   = {Yanada, H. and Khaing, W.H. and Tran, X.B.},
  Journal                  = {3rd International Conference on Design Engineering and Science},
  Year                     = {2014},
  Pages                    = {175--180}
}

@Manual{LEE,
  Title                    = {Technical Hydraulic Handbook},
  Author                   = {LeeCo},
  Edition                  = {11},
  Year                     = {2009}
}

@Manual{lvdtsensors,
  Title                    = {MacroSensors},
  Url                      = {http://www.macrosensors.com/ - visited in Mar/2015},
  Year                     = {2015}
}

@Book{Astrom,
  Title                    = {Control System Design - Lecture Notes for ME 115A},
  Author                   = {Astrom, K. J.},
  Publisher                = {University of California Santa Barbara},
  Year                     = {2002},
}

@TechReport{ParkerSeals,
  Title                    = {Parker O-ring Handbook},
  Author                   = {Parker},
  Year                     = {2007},
}


@comment{jabref-meta: selector_publisher:}

@comment{jabref-meta: selector_journal:}

@comment{jabref-meta: selector_keywords:}

